% Put you own bibliography entries in this file

% EXECUTIVE SUMMARY

@misc{FrameworkTLA1,
	author        = "{Dijet TLA Team}",
	title         = "{Limit Setting \& Spurious Signal}",
	howpublished = "Statistics Committee Meeting",
	url           = "https://indico.cern.ch/event/913589/contributions/3841849/attachments/2034307/3405608/DijetTLA_StatsComSlides.pdf"
}

@misc{FrameworkTLA2,
	author        = "{Dijet TLA Team}",
	title         = "{Dijet limit in TLA}",
	howpublished = "Exotics Jet plus Dark Matter (JDM) meeting",
	url           = "https://indico.cern.ch/event/909344/contributions/3825419/attachments/2022155/3381546/200417_TLALimitsDiscussion.pdf"
}

% BENCHMARK MODELS

@book{StringBook,
	author = "{M.B. Green, J.H, Schwarz, E. Witten}",
	title = "{Superstring theory}",
	year = "1987",
	publisher = "Cambridge University Press"
}

%H' signal
@article{Harlander:2013qxa,
	author = {Harlander, R. and M\"uhlleitner, M. and Rathsman, J. and Spira, M. and St\r{a}l, O.},
	title = "{Interim recommendations for the evaluation of Higgs production cross sections and branching ratios at the LHC in the Two-Higgs-Doublet Model}",
	eprint = "1312.5571",
	archivePrefix = "arXiv",
	primaryClass = "hep-ph",
	reportNumber = "KA-TP-41-2013, LU-TP-13-44, PSI-PR-13-17, WUB-13-19, LHCHXSWG-2013-001",
	month = "12",
	year = "2013"
}
@article{PhysRevLett.116.150001,
	title = {Editorial: Theorists React to the CERN 750 GeV Diphoton Data},
	author = {Garisto, Robert},
	journal = {Phys. Rev. Lett.},
	volume = {116},
	issue = {15},
	pages = {150001},
	numpages = {1},
	year = {2016},
	month = {4},
	publisher = {American Physical Society},
	doi = {10.1103/PhysRevLett.116.150001},
	url = {https://link.aps.org/doi/10.1103/PhysRevLett.116.150001}
}
@article{Agashe:2020wph,
	author = "Agashe, Kaustubh and Ekhterachian, Majid and Kim, Doojin and Sathyan, Deepak",
	title = "{LHC Signals for KK Graviton from an Extended Warped Extra Dimension}",
	eprint = "2008.06480",
	archivePrefix = "arXiv",
	primaryClass = "hep-ph",
	reportNumber = "UMD-PP-020-3, MI-TH-2023",
	doi = "10.1007/JHEP11(2020)109",
	journal = "JHEP",
	volume = "11",
	pages = "109",
	year = "2020"
}
@article{Curtin:2013fra,
	author = "Curtin, David and others",
	title = "{Exotic decays of the 125 GeV Higgs boson}",
	eprint = "1312.4992",
	archivePrefix = "arXiv",
	primaryClass = "hep-ph",
	reportNumber = "YITP-13-47, PITT-PACC-1314",
	doi = "10.1103/PhysRevD.90.075004",
	journal = "Phys. Rev. D",
	volume = "90",
	number = "7",
	pages = "075004",
	year = "2014"
}




% EVENT AND JET SELECTION
@article{Cacciari:2008gp,
	author         = "Cacciari, Matteo and Salam, Gavin P. and Soyez, Gregory",
	title          = "{The anti-$k_t$ jet clustering algorithm}",
	journal        = "JHEP",
	volume         = "04",
	year           = "2008",
	pages          = "063",
	doi            = "10.1088/1126-6708/2008/04/063",
	eprint         = "0802.1189",
	archivePrefix  = "arXiv",
	primaryClass   = "hep-ph",
	reportNumber   = "LPTHE-07-03",
	SLACcitation   = "%%CITATION = ARXIV:0802.1189;%%"
}

@article{Cacciari:2011ma,
	author         = "Cacciari, Matteo and Salam, Gavin P. and Soyez, Gregory",
	title          = "{FastJet User Manual}",
	journal        = "Eur. Phys. J.",
	volume         = "C72",
	year           = "2012",
	pages          = "1896",
	doi            = "10.1140/epjc/s10052-012-1896-2",
	eprint         = "1111.6097",
	archivePrefix  = "arXiv",
	primaryClass   = "hep-ph",
	reportNumber   = "CERN-PH-TH-2011-297",
	SLACcitation   = "%%CITATION = ARXIV:1111.6097;%%"
}



%BACKGROUND FIT
@article{Bagnaia:1984ip,
	author         = "Bagnaia, P. and others",
	title          = "{Measurement of Jet Production Properties at the CERN
	anti-p p Collider}",
	collaboration  = "UA2, Bern-CERN-Copenhagen-Orsay-Pavia-Saclay",
	journal        = "Phys. Lett.",
	volume         = "144B",
	year           = "1984",
	pages          = "283-290",
	doi            = "10.1016/0370-2693(84)91822-7",
	reportNumber   = "CERN-EP/84-74",
	SLACcitation   = "%%CITATION = PHLTA,144B,283;%%"
}

@Article{PhysRevD.79.112002,
	title = "{Search for new particles decaying into dijets in proton-antiproton collisions at $\sqrt{s} = 1.96$~\TeV}",
	collaboration = "CDF Collaboration",
	author = "{CDF~Collaboration, T.~Aaltonen et~al.}",
	journal = {Phys. Rev. D},
	volume = {79},
	pages = {112002},
	eprint    = "0812.4036",
	archivePrefix = "arXiv",
	primaryClass  =  "hep-ex",
	year = {2009},
	month = {8},
	doi = "10.1103/PhysRevD.79.112002"
}

@techreport{Sekhon:2305523,
	author        = "Sekhon, Karishma and Edgar, Ryan Christopher and Amidei,
	Dante",
	title         = "{SWiFt: Sliding Window Fit Method for Resonance Searches}",
	institution   = "CERN",
	address       = "Geneva",
	number        = "ATL-COM-PHYS-2018-161",
	month         = "Feb",
	year          = "2018",
	reportNumber  = "ATL-COM-PHYS-2018-161",
	url           = "https://cds.cern.ch/record/2305523",
}


% SEARCH STRATEGY

@Article{Aaltonen:2008vt,
	collaboration = "{CDF~Collaboration}",
	author = "{CDF~Collaboration, T.~Aaltonen et~al.}",
	title     = "{Global search for new physics with 2.0~fb$^{-1}$ at CDF}",
	journal   = "Phys. Rev.",
	volume    = "D79",
	year      = "2009",
	pages     = "011101",
	eprint    = "0809.3781",
	archivePrefix = "arXiv",
	primaryClass  =  "hep-ex",
	doi       = "10.1103/PhysRevD.79.011101",
	SLACcitation  = "%%CITATION = 0809.3781;%%"
}

@Article{Choudalakis:2011bh,
	author    = {Choudalakis, G.},
	title     = "{On hypothesis testing, trials factor, hypertests and the
	BumpHunter}",
	eprint    = "1101.0390",
	archivePrefix = "arXiv",
	year = "2011",
	primaryClass  =  "physics.data-an",
	SLACcitation   = "%%CITATION = ARXIV:1101.0390;%%"
}

@article{lyons2008,
	author = "Lyons, Louis",
	doi = "10.1214/08-AOAS163",
	fjournal = "The Annals of Applied Statistics",
	journal = "Ann. Appl. Stat.",
	month = "09",
	number = "3",
	pages = "887--915",
	publisher = "The Institute of Mathematical Statistics",
	title = "Open statistical issues in Particle Physics",
	url = "https://doi.org/10.1214/08-AOAS163",
	volume = "2",
	year = "2008"
}

@Article{Gross2010,
	author="Gross, Eilam
	and Vitells, Ofer",
	title="Trial factors for the look elsewhere effect in high energy physics",
	journal="The European Physical Journal C",
	year="2010",
	month="Nov",
	day="01",
	volume="70",
	number="1",
	pages="525--530",
	abstract="When searching for a new resonance somewhere in a possible mass range, the significance of observing a local excess of events must take into account the probability of observing such an excess anywhere in the range. This is the so called ``look elsewhere effect''. The effect can be quantified in terms of a trial factor, which is the ratio between the probability of observing the excess at some fixed mass point, to the probability of observing it anywhere in the range. We propose a simple and fast procedure for estimating the trial factor, based on earlier results by Davies. We show that asymptotically, the trial factor grows linearly with the (fixed mass) significance.",
	issn="1434-6052",
	doi="10.1140/epjc/s10052-010-1470-8",
	url="https://doi.org/10.1140/epjc/s10052-010-1470-8"
}

@article{HistFitter:2014,
	author         = "Baak, M. and Besjes, G. J. and CÃ´te, D. and
	Koutsman, A.
	and Lorenz, J. and Short, D.",
	title          = "{HistFitter software framework for
	statistical data
	analysis}",
	journal        = "Eur. Phys. J.",
	volume         = "C75",
	year           = "2015",
	pages          = "153",
	doi            = "10.1140/epjc/s10052-015-3327-7",
	eprint         = "1410.1280",
	archivePrefix  = "arXiv",
	primaryClass   = "hep-ex",
	SLACcitation   = "%%CITATION = ARXIV:1410.1280;%%"
}


@Article{Baur:1987ga,
	author    = "Baur, U. and Hinchliffe, I. and Zeppenfeld, D.",
	title     = "{Excited quark production at hadron colliders}",
	journal   = "Int. J. Mod. Phys.",
	volume    = "A2",
	year      = "1987",
	pages     = "1285",
	doi       = "10.1142/S0217751X87000661",
	SLACcitation  = "%%CITATION = IMPAE,A2,1285;%%"
}
@Article{Baur:1989kv,
	author    = "Baur, U. and Spira, M. and Zerwas, P. M.",
	title     = "{Excited quark and lepton production at hadron colliders}",
	journal   = "Phys. Rev.",
	volume    = "D42",
	year      = "1990",
	pages     = "815--825",
	doi       = "10.1103/PhysRevD.42.815",
	SLACcitation  = "%%CITATION = PHRVA,D42,815;%%"
}


@article{Chala:2015ama,
	author         = "Chala, Mikael and Kahlhoefer, Felix and McCullough,
	Matthew and Nardini, Germano and Schmidt-Hoberg, Kai",
	title          = "{Constraining Dark Sectors with Monojets and Dijets}",
	journal        = "JHEP",
	volume         = "07",
	year           = "2015",
	pages          = "089",
	doi            = "10.1007/JHEP07(2015)089",
	eprint         = "1503.05916",
	archivePrefix  = "arXiv",
	primaryClass   = "hep-ph",
	reportNumber   = "DESY-15-036, CERN-PH-TH-2015-057",
	SLACcitation   = "%%CITATION = ARXIV:1503.05916;%%"
}

@article{Chizhov:2010jg,
	author         = "Chizhov, M. V. and Bednyakov, V. A. and Budagov, J. A.",
	title          = "{A unique signal of excited bosons in dijet data from
	pp-collisions}",
	journal        = "Phys. Atom. Nucl.",
	volume         = "75",
	year           = "2012",
	pages          = "90-96",
	doi            = "10.1134/S1063778812010061",
	eprint         = "1010.2648",
	archivePrefix  = "arXiv",
	primaryClass   = "hep-ph",
	SLACcitation   = "%%CITATION = ARXIV:1010.2648;%%"
}

@article{Chizhov:2010ry,
	author         = "Chizhov, M. V.",
	title          = "{A Reference Model for Anomalously Interacting Bosons}",
	journal        = "Phys. Part. Nucl. Lett.",
	volume         = "8",
	year           = "2011",
	pages          = "512-516",
	doi            = "10.1134/S1547477111060045",
	eprint         = "1005.4287",
	archivePrefix  = "arXiv",
	primaryClass   = "hep-ph",
	SLACcitation   = "%%CITATION = ARXIV:1005.4287;%%"
}

@article{Chizhov:2009fc,
	author         = "Chizhov, M. V. and Dvali, Gia",
	title          = "{Origin and Phenomenology of Weak-Doublet Spin-1 Bosons}",
	journal        = "Phys. Lett.",
	volume         = "B703",
	year           = "2011",
	pages          = "593-598",
	doi            = "10.1016/j.physletb.2011.08.056",
	eprint         = "0908.0924",
	archivePrefix  = "arXiv",
	primaryClass   = "hep-ph",
	reportNumber   = "CERN-PH-TH-2009-146",
	SLACcitation   = "%%CITATION = ARXIV:0908.0924;%%"
}



@techreport{Bauce:2226443,
	author        = "Bauce, Matteo and Allen, Benjamin William and Akesson,
	Torsten and Amidei, Dante and Bawa, Harinder Singh and
	Bertram, Iain Alexander and Doglioni, Caterina and Facini,
	Gabriel and Frate, Meghan and Frost, James and Grud,
	Christopher and Kellermann, Edgar and Malaescu, Bogdan and
	Messina, Andrea and Pachal, Katherine and Poulsen, Trine
	and Searcy, Jacob and Sekhon, Karishma and Strom, David and
	Vanadia, Marco and Veeraraghavan, Venkatesh and Whitmore,
	Ben William and Whiteson, Daniel and Zhang, Dengfeng and
	Brazickas, Marijus and Hankache, Robert and Edgar, Ryan
	Christopher and Boveia, Antonio and Kalderon, Charles
	William and Tolley, Emma",
	title         = "{Search for New Phenomena in Dijet Events with the ATLAS
	detector at $\sqrt{s}$=13 TeV using 2015 and 2016 data}",
	institution   = "CERN",
	address       = "Geneva",
	number        = "ATL-COM-PHYS-2016-1495",
	month         = "10",
	year          = "2016",
	reportNumber  = "ATL-COM-PHYS-2016-1495",
	url           = "https://cds.cern.ch/record/2226443",
}

@article{Harris:2011bh,
	author         = "Harris, Robert M. and Kousouris, Konstantinos",
	title          = "{Searches for dijet resonances at hadron colliders}",
	journal        = "Int. J. Mod. Phys.",
	volume         = "A26",
	year           = "2011",
	pages          = "5005--5055",
	doi            = "10.1142/S0217751X11054905",
	eprint         = "1110.5302",
	archivePrefix  = "arXiv",
	primaryClass   = "hep-ex",
	reportNumber   = "FERMILAB-PUB-11-567, CERN-OPEN-2011-044",
	SLACcitation   = "%%CITATION = ARXIV:1110.5302;%%"
}

@Article{pythia8,
	author    = "Sjostrand,T. and Mrenna, S. and Skands, P.",
	title     = "{A brief introduction to Pythia 8.1}",
	journal        = "Comput. Phys. Commun.",
	volume         = "178",
	year           = "2008",
	pages          = "852--867",
	doi            = "10.1016/j.cpc.2008.01.036",
	eprint         = "0710.3820",
	archivePrefix  = "arXiv",
	primaryClass   = "hep-ph",
	reportNumber   = "CERN-LCGAPP-2007-04, LU-TP-07-28,
	FERMILAB-PUB-07-512-CD-T",
	SLACcitation   = "%%CITATION = ARXIV:0710.3820;%%"
}
@booklet{A14tune,
	author    = "{ATLAS~Collaboration}",
	title     = "{ATLAS Run~1 Pythia~8 tunes}",
	journal   = "{ATLAS-PHYS-PUB-2014-021}",
	url       = "http://cds.cern.ch/record/1966419",
	year      = {2014}
}
@booklet{AU2tune,
	author    = "{ATLAS~Collaboration}",
	title     = "{Summary of ATLAS Pythia~8 tunes}",
	year      = "2012",
	howpublished   = "{ATL-PHYS-PUB-2012-003}",
	url       = "http://cds.cern.ch/record/1474107"
}
%@article{Ball:2012cx,
	%      author         = "Ball, Richard D. and others",
	%      title          = "{Parton distributions with LHC data}",
	%      journal        = "Nucl. Phys.",
	%      volume         = "B867",
	%      year           = "2013",
	%      pages          = "244--289",
	%      doi            = "10.1016/j.nuclphysb.2012.10.003",
	%      eprint         = "1207.1303",
	%      archivePrefix  = "arXiv",
	%      primaryClass   = "hep-ph",
	%      reportNumber   = "EDINBURGH-2012-08, IFUM-FT-997, FR-PHENO-2012-014,
	%                        RWTH-TTK-12-25, CERN-PH-TH-2012-037, SFB-CPP-12-47\,
	%                        --CERN-PH-TH-2012-037",
	%      SLACcitation   = "%%CITATION = ARXIV:1207.1303;%%"
	%}

@inproceedings{Carrazza:2013axa,
	author         = "Carrazza, Stefano and Forte, Stefano and Rojo, Juan",
	title          = "{Parton Distributions and Event Generators}",
	booktitle      = "{Proceedings, 43rd International Symposium on
	Multiparticle Dynamics (ISMD 13)}",
	year           = "2013",
	url            = "http://inspirehep.net/record/1266070/files/arXiv:1311.5887.pdf",
	pages          = "89-096",
	eprint         = "1311.5887",
	archivePrefix  = "arXiv",
	primaryClass   = "hep-ph",
	SLACcitation   = "%%CITATION = ARXIV:1311.5887;%%"
}



@misc{ATLAS:Exot2Derivation,
	author        = "{DerivationProductionTeam}",
	title         = "{Exotics derivation twiki page}",
	url           = "https://twiki.cern.ch/twiki/bin/view/AtlasProtected/DerivationframeworkExotics"
}




@article{Abercrombie:2015wmb,
	author         = "Abercrombie, Daniel and others",
	title          = "{Dark Matter Benchmark Models for Early LHC Run-2
	Searches: Report of the ATLAS/CMS Dark Matter Forum}",
	year           = "2015",
	eprint         = "1507.00966",
	archivePrefix  = "arXiv",
	primaryClass   = "hep-ex",
	reportNumber   = "FERMILAB-PUB-15-282-CD",
	SLACcitation   = "%%CITATION = ARXIV:1507.00966;%%"
}


@article{RandallMeade,
	author = "Meade, P. and Randall, L.",
	title = "{Black holes and quantum gravity at the LHC}",
	journal = {JHEP05},
	volume = {2008},
	pages = {003},
	year = {2008},
	eprint = {0708.3017},
	archivePrefix = "arXiv",
	primaryClass  =  "hep-ph",
	doi = "10.1088/1126-6708/2008/05/003"
}
@Article{Feng:2004,
	author         = "Anchordoqui, Luis A. and Feng, Jonathan L. and Goldberg,
	Haim and Shapere, Alfred D.",
	title          = "{Inelastic black hole production and large extra
	dimensions}",
	journal        = "Phys. Lett.",
	volume         = "B594",
	year           = "2004",
	pages          = "363--367",
	doi            = "10.1016/j.physletb.2004.05.051",
	eprint         = "hep-ph/0311365",
	archivePrefix  = "arXiv",
	primaryClass   = "hep-ph",
	reportNumber   = "NUB-3243-TH-03, UCI-TR-2003-30, UK-03-15",
	SLACcitation   = "%%CITATION = HEP-PH/0311365;%%"
}

@article{Dai:2007ki,
	author         = "Dai, De-Chang and Starkman, Glenn and Stojkovic, Dejan
	and Issever, Cigdem and Rizvi, Eram and Tseng, Jeff",
	title          = "{BlackMax: a black-hole event generator with rotation,
	recoil, split branes, and brane tension}",
	journal        = "Phys. Rev.",
	volume         = "D77",
	year           = "2008",
	pages          = "076007",
	doi            = "10.1103/PhysRevD.77.076007",
	eprint         = "0711.3012",
	archivePrefix  = "arXiv",
	primaryClass   = "hep-ph",
	SLACcitation   = "%%CITATION = ARXIV:0711.3012;%%"
}



@booklet{Marshall:2016630,
	author        = "Marshall, Zach",
	title         = "{Re-re-defining the standard QCD di-jet samples: beginning to like event weights}",
	howpublished        = "{ATL-COM-PHYS-2015-417}",
	year          = "2015",
	url           = "https://cds.cern.ch/record/2016630",
}

% Strings citations

@article{Antoniadis:2000ena,
	author = "Antoniadis, Ignatios and Kiritsis, E. and Tomaras, T.N.",
	title = "{A D-brane alternative to unification}",
	eprint = "hep-ph/0004214",
	archivePrefix = "arXiv",
	reportNumber = "CPHT-S044-0400, CRETE-00-12",
	doi = "10.1016/S0370-2693(00)00733-4",
	journal = "Phys. Lett. B",
	volume = "486",
	pages = "186--193",
	year = "2000"
}
@inproceedings{Cremades:2002qm,
	author = "Cremades, D. and Ibanez, L.E. and Marchesano, F.",
	title = "{More about the standard model at intersecting branes}",
	booktitle = "{10th International Conference on Supersymmetry and Unification of Fundamental Interactions (SUSY02)}",
	eprint = "hep-ph/0212048",
	archivePrefix = "arXiv",
	reportNumber = "FTUAM-02-29, IFT-UAM-CSIC-02-48",
	month = "12",              
	year = "2002"
}
@article{Antoniadis:2002qm,
	author = "Antoniadis, I. and Kiritsis, E. and Rizos, J. and Tomaras, T.N.",
	title = "{D-branes and the standard model}",
	eprint = "hep-th/0210263",
	archivePrefix = "arXiv",
	reportNumber = "CERN-TH-2002-272",
	doi = "10.1016/S0550-3213(03)00256-6",
	journal = "Nucl. Phys. B",
	volume = "660",
	pages = "81--115",
	year = "2003"
}                
@article{Blumenhagen:2006ci,
	author = "Blumenhagen, Ralph and Kors, Boris and Lust, Dieter and Stieberger, Stephan",
	title = "{Four-dimensional String Compactifications with D-Branes, Orientifolds and Fluxes}",
	eprint = "hep-th/0610327",
	archivePrefix = "arXiv",
	reportNumber = "CERN-PH-TH-2006-218",
	doi = "10.1016/j.physrep.2007.04.003",
	journal = "Phys. Rept.",
	volume = "445",
	pages = "1--193",
	year = "2007"
}
@article{Cullen:2000ef,
	author = "Cullen, Schuyler and Perelstein, Maxim and Peskin, Michael E.",
	title = "{TeV strings and collider probes of large extra dimensions}",
	eprint = "hep-ph/0001166",
	archivePrefix = "arXiv",
	reportNumber = "SLAC-PUB-8319, SU-ITP-99-53",
	doi = "10.1103/PhysRevD.62.055012",
	journal = "Phys. Rev. D",
	volume = "62",
	pages = "055012",
	year = "2000"
}
@article{ArkaniHamed:1998rs, 
	author         = "Arkani-Hamed, Nima and Dimopoulos, Savas and Dvali, G.
	R.",
	title          = "{The Hierarchy problem and new dimensions at a
	millimeter}",
	journal        = "Phys. Lett.",
	volume         = "B429",
	year           = "1998",
	pages          = "263-272",
	doi            = "10.1016/S0370-2693(98)00466-3",
	eprint         = "hep-ph/9803315",
	archivePrefix  = "arXiv",
	primaryClass   = "hep-ph",
	reportNumber   = "SLAC-PUB-7769, SU-ITP-98-13",
	SLACcitation   = "%%CITATION = HEP-PH/9803315;%%"
}
@article{Antoniadis:1998ig,
	author         = "Antoniadis, Ignatios and Arkani-Hamed, Nima and
	Dimopoulos, Savas and Dvali, G. R.",
	title          = "{New dimensions at a millimeter to a Fermi and
	superstrings at a TeV}",
	journal        = "Phys. Lett.",
	volume         = "B436",
	year           = "1998",
	pages          = "257-263",
	doi            = "10.1016/S0370-2693(98)00860-0",
	eprint         = "hep-ph/9804398",
	archivePrefix  = "arXiv",
	primaryClass   = "hep-ph",
	reportNumber   = "SLAC-PUB-7801, SU-ITP-98-28, CPTH-S608-0498, IC-98-39",
	SLACcitation   = "%%CITATION = HEP-PH/9804398;%%"
}
@article{Lust:2008qc,
	author = "Lust, Dieter and Stieberger, Stephan and Taylor, Tomasz R.",
	title = "{The LHC String Hunter's Companion}",
	eprint = "0807.3333",
	archivePrefix = "arXiv",
	primaryClass = "hep-th",
	reportNumber = "MPP-2008-05, LMU-ASC-38-08",
	doi = "10.1016/j.nuclphysb.2008.09.012",
	journal = "Nucl. Phys. B",
	volume = "808",
	pages = "1--52",
	year = "2009"
}
@article{Anchordoqui:2008hi,
	author = "Anchordoqui, Luis A. and Goldberg, Haim and Taylor, Tomasz R.",
	title = "{Decay widths of lowest massive Regge excitations of open strings}",
	eprint = "0806.3420",
	archivePrefix = "arXiv",
	primaryClass = "hep-ph",
	reportNumber = "LMU-ASC-36-08",
	doi = "10.1016/j.physletb.2008.09.003",
	journal = "Phys. Lett. B",
	volume = "668",
	pages = "373--377",
	year = "2008"
}
@article{Anchordoqui:2007da,
	author = "Anchordoqui, Luis A. and Goldberg, Haim and Nawata, Satoshi and Taylor, Tomasz R.",
	title = "{Jet signals for low mass strings at the LHC}",
	eprint = "0712.0386",
	archivePrefix = "arXiv",
	primaryClass = "hep-ph",
	reportNumber = "MPP-2007-182, NUB-TH-3261",
	doi = "10.1103/PhysRevLett.100.171603",
	journal = "Phys. Rev. Lett.",
	volume = "100",
	pages = "171603",
	year = "2008"
}
@article{Anchordoqui:2009mm,
	author = "Anchordoqui, Luis A. and Goldberg, Haim and Lust, Dieter and Nawata, Satoshi and Stieberger, Stephan and Taylor, Tomasz R.",
	title = "{LHC Phenomenology for String Hunters}",
	eprint = "0904.3547",
	archivePrefix = "arXiv",
	primaryClass = "hep-ph",
	reportNumber = "MPP-2009-42, LMU-ASC-18-09",
	doi = "10.1016/j.nuclphysb.2009.06.023",
	journal = "Nucl. Phys. B",
	volume = "821",
	pages = "181--196",
	year = "2009"
}
@article{Kitazawa:2010gh,
	author = "Kitazawa, Noriaki",
	title = "{A Closer look at string resonances in dijet events at the LHC}",
	eprint = "1008.4989",
	archivePrefix = "arXiv",
	primaryClass = "hep-ph",
	doi = "10.1007/JHEP10(2010)051",
	journal = "JHEP",
	volume = "10",
	pages = "051",
	year = "2010"
}
@article{Anchordoqui:2014wha,
	author = "Anchordoqui, Luis A. and Antoniadis, Ignatios and Dai, De-Chang an
	d Feng, Wan-Zhe and Goldberg, Haim and Huang, Xing and Lust, Dieter and Stojkovic, Dejan and Taylor, Tomasz R.",
	title = "{String Resonances at Hadron Colliders}",
	eprint = "1407.8120",
	archivePrefix = "arXiv",
	primaryClass = "hep-ph",
	reportNumber = "MPP-2014-314, LMU-ASC-48-14, CERN-PH-TH-2014-143, MPP--2014--314",
	doi = "10.1103/PhysRevD.90.066013",
	journal = "Phys. Rev. D",
	volume = "90",
	number = "6",
	pages = "066013",
	year = "2014"
}
@article{ATLAS:2012pu,
	author         = "Aad, Georges and others",
	title          = "{ATLAS search for new phenomena in dijet mass and angular
	distributions using $pp$ collisions at $\sqrt{s}=7$ TeV}",
	collaboration  = "ATLAS",
	journal        = "JHEP",
	volume         = "01",
	year           = "2013",
	pages          = "029",
	doi            = "10.1007/JHEP01(2013)029",
	eprint         = "1210.1718",
	archivePrefix  = "arXiv",
	primaryClass   = "hep-ex",
	reportNumber   = "CERN-PH-EP-2012-257",
	SLACcitation   = "%%CITATION = ARXIV:1210.1718;%%"
}
@article{Chatrchyan:2011ns,
	author = "Chatrchyan, Serguei and others",
	collaboration = "CMS",
	title = "{Search for Resonances in the Dijet Mass Spectrum from 7 TeV pp Collisions at CMS}",
	eprint = "1107.4771",
	archivePrefix = "arXiv",
	primaryClass = "hep-ex",
	reportNumber = "CERN-PH-EP-2011-119, CMS-EXO-11-015",
	doi = "10.1016/j.physletb.2011.09.015",
	journal = "Phys. Lett. B",
	volume = "704",
	pages = "123--142",
	year = "2011"
}
@article{CMS:2012yf,
	author         = "Chatrchyan, Serguei and others",
	title          = "{Search for Narrow Resonances and Quantum Black Holes in
	Inclusive and $b$-Tagged Dijet Mass Spectra from $pp$
	Collisions at $\sqrt{s}=7$ TeV}",
	collaboration  = "CMS",
	journal        = "JHEP",
	volume         = "01",
	year           = "2013",
	pages          = "013",
	doi            = "10.1007/JHEP01(2013)013",
	eprint         = "1210.2387",
	archivePrefix  = "arXiv",
	primaryClass   = "hep-ex",
	reportNumber   = "CMS-EXO-11-094, CERN-PH-EP-2012-277",
	SLACcitation   = "%%CITATION = ARXIV:1210.2387;%%"
}
@article{Khachatryan:2015sja,
	author         = "Khachatryan, Vardan and others",
	title          = "{Search for resonances and quantum black holes using
	dijet mass spectra in proton-proton collisions at
	$\sqrt{s} = 8$ TeV}",
	collaboration  = "CMS",
	journal        = "Phys. Rev.",
	volume         = "D91",
	year           = "2015",
	number         = "5",
	pages          = "052009",
	doi            = "10.1103/PhysRevD.91.052009",
	eprint         = "1501.04198",
	archivePrefix  = "arXiv",
	primaryClass   = "hep-ex",
	reportNumber   = "CMS-EXO-12-059, CERN-PH-EP-2014-300",
	SLACcitation   = "%%CITATION = ARXIV:1501.04198;%%"
}
@article{Khachatryan:2015dcf,
	author = "Khachatryan, Vardan and others",
	collaboration = "CMS",
	title = "{Search for narrow resonances decaying to dijets in proton-proton collisions at $\sqrt(s) =$ 13 TeV}",
	eprint = "1512.01224",
	archivePrefix = "arXiv",
	primaryClass = "hep-ex",
	reportNumber = "CMS-EXO-15-001, CERN-PH-EP-2015-317",
	doi = "10.1103/PhysRevLett.116.071801",
	journal = "Phys. Rev. Lett.",
	volume = "116",
	number = "7",
	pages = "071801",
	year = "2016"
}                  
@article{Sirunyan:2018xlo,
	author = "Sirunyan, Albert M and others",
	collaboration = "CMS",
	title = "{Search for narrow and broad dijet resonances in proton-proton collisions at $ \sqrt{s}=13 $ TeV and constraints on dark matter mediators and other new particles}",
	eprint = "1806.00843",
	archivePrefix = "arXiv",
	primaryClass = "hep-ex",
	reportNumber = "CMS-EXO-16-056, CERN-EP-2018-123",
	doi = "10.1007/JHEP08(2018)130",
	journal = "JHEP",
	volume = "08",
	pages = "130",
	year = "2018"
}
@article{Gingrich:2008di,
	author = "Gingrich, Douglas M. and Martell, Kevin",
	title = "{Study of highly-excited string states at the Large Hadron Collider}",
	eprint = "0808.2512",
	archivePrefix = "arXiv",
	primaryClass = "hep-ph",
	doi = "10.1103/PhysRevD.78.115009",
	journal = "Phys. Rev. D",
	volume = "78",
	pages = "115009",
	year = "2008"
}
@article{Vakilipourtakalou:2018pfo,
	author = "Vakilipourtakalou, Pourya and Gingrich, Douglas M.",
	title = "{Monte Carlo event generator for the production and decay of string resonances in proton-proton collisions}",
	eprint = "1811.07458",
	archivePrefix = "arXiv",
	primaryClass = "hep-ph",
	month = "11",
	year = "2018"
}
% Pythia8
@article{Sjostrand:2014zea,
	author         = "Sj{\"o}strand, Torbj{\"o}rn and Ask, Stefan and Christiansen,
	Jesper R. and Corke, Richard and Desai, Nishita and Ilten,
	Philip and Mrenna, Stephen and Prestel, Stefan and
	Rasmussen, Christine O. and Skands, Peter Z.",
	title          = "{An Introduction to PYTHIA 8.2}",
	journal        = "Comput. Phys. Commun.",
	volume         = "191",
	year           = "2015",
	pages          = "159",
	doi            = "10.1016/j.cpc.2015.01.024",
	eprint         = "1410.3012",
	archivePrefix  = "arXiv",
	primaryClass   = "hep-ph",
	reportNumber   = "LU-TP-14-36, MCNET-14-22, CERN-PH-TH-2014-190,
	FERMILAB-PUB-14-316-CD, DESY-14-178, SLAC-PUB-16122,
	--FERMILAB-PUB-14-316-CD",
	SLACcitation   = "%%CITATION = ARXIV:1410.3012;%%"
}
%@Booklet{ATL-PHYS-PUB-2014-021,
	%    author         = "{ATLAS Collaboration}",
	%    title          = "{ATLAS Pythia~8 tunes to 7~TeV data}",
	%    howpublished   = "{ATL-PHYS-PUB-2014-021}",
	%    url            = "https://cds.cern.ch/record/1966419",
	%    year           = "2014",
	%}
@article{Pumplin:2002vw,
	author         = "Pumplin, J. and Stump, D. R. and Huston, J. and Lai, H.
	L. and Nadolsky, Pavel M. and Tung, W. K.",
	title          = "{New generation of parton distributions with
	uncertainties from global QCD analysis}",
	journal        = "JHEP",
	volume         = "07",
	year           = "2002",
	pages          = "012",
	doi            = "10.1088/1126-6708/2002/07/012",
	eprint         = "hep-ph/0201195",
	archivePrefix  = "arXiv",
	primaryClass   = "hep-ph",
	reportNumber   = "MSU-HEP-011101",
	SLACcitation   = "%%CITATION = HEP-PH/0201195;%%"
}
% EvtGen
@Article{Lange:2001uf,
	author         = "Lange, D. J.",
	title          = "{The EvtGen particle decay simulation package}",
	booktitle      = "{Proceedings, 7th International Conference on B physics
	at hadron machines (BEAUTY 2000)}",
	journal        = "Nucl. Instrum. Meth. A",
	volume         = "462",
	year           = "2001",
	pages          = "152",
	doi            = "10.1016/S0168-9002(01)00089-4",
	SLACcitation   = "%%CITATION = NUIMA,A462,152;%%"
}
% NNPDF 2.3 PDFs
@article{Ball:2012cx,
	author         = "Ball, Richard D. and others",
	title          = "{Parton distributions with LHC data}",
	journal        = "Nucl. Phys. B",
	volume         = "867",
	year           = "2013",
	pages          = "244",
	doi            = "10.1016/j.nuclphysb.2012.10.003",
	eprint         = "1207.1303",
	archivePrefix  = "arXiv",
	primaryClass   = "hep-ph",
	reportNumber   = "EDINBURGH-2012-08, IFUM-FT-997, FR-PHENO-2012-014,
	RWTH-TTK-12-25, CERN-PH-TH-2012-037, SFB-CPP-12-47\,
	--CERN-PH-TH-2012-037",
	SLACcitation   = "%%CITATION = ARXIV:1207.1303;%%"
}
%@Booklet{ATL-PHYS-PUB-2016-017,
	%    author         = "{ATLAS Collaboration}",
	%    title          = "{The Pythia~8 A3 tune description of ATLAS minimum bias and inelastic measurements incorporating the Donnachie--Landshoff diffractive model}",
	%    howpublished   = "{ATL-PHYS-PUB-2016-017}",
	%    url            = "https://cds.cern.ch/record/2206965",
	%    year           = "2016",
	%}
@article{Alwall:2006yp,
	author = "Alwall, Johan and others",
	title = "{A Standard format for Les Houches event files}",
	eprint = "hep-ph/0609017",
	archivePrefix = "arXiv",
	reportNumber = "FERMILAB-PUB-06-337-T, CERN-LCGAPP-2006-03",
	doi = "10.1016/j.cpc.2006.11.010",
	journal = "Comput. Phys. Commun.",
	volume = "176",
	pages = "300--304",
	year = "2007"
}
@article{Buckley:2014ana,
	author         = "Buckley, Andy and Ferrando, James and Lloyd, Stephen and
	Nordstr{\" o}m, Karl and Page, Ben and R{\" u}fenacht, Martin and
	SchÃ¶nherr, Marek and Watt, Graeme",
	title          = "{LHAPDF6: parton density access in the LHC precision
	era}",
	journal        = "Eur. Phys. J.",
	volume         = "C75",
	year           = "2015",
	pages          = "132",
	doi            = "10.1140/epjc/s10052-015-3318-8",
	eprint         = "1412.7420",
	archivePrefix  = "arXiv",
	primaryClass   = "hep-ph",
	reportNumber   = "GLAS-PPE-2014-05, MCNET-14-29, IPPP-14-111, DCPT-14-222",
	SLACcitation   = "%%CITATION = ARXIV:1412.7420;%%"
}

@techreport{Nishu:2646455,
	author        = "Nishu, Nishu and Allen, Benjamin William and Bauce, Matteo
	and Bawa, Harinder Singh and Bertram, Iain Alexander and
	Coccaro, Andrea and Di Bello, Francesco Armando and Ding,
	Wei and Dong, Binbin and Francescato, Simone and Gingrich,
	Douglas and Liu, Bingxuan and Whitmore, Ben William and
	Zhou, Ning and Zhang, Dengfeng and Li, Haifeng and
	Abulaiti, Yiming and Strom, David and Proudfoot, James and
	Love, Jeremy and Wang, Rui and Giagu, Stefano and Poulsen,
	Trine and Chen, Xin and Gao, Yongsheng and Windischhofer,
	Philipp Jonas and Schmoeckel, Julian Constantin",
	title         = "{Search for New Phenomena in Dijet Events using the
	complete Run-2 dataset collected with the ATLAS Detector at
	$\sqrt{s}$ =13 TeV}",
	institution   = "CERN",
	address       = "Geneva",
	number        = "ATL-COM-PHYS-2018-1538",
	month         = "11",
	year          = "2018",
	reportNumber  = "ATL-COM-PHYS-2018-1538",
	url           = "https://cds.cern.ch/record/2646455",
}

%@techreport{ATL-PHYS-PUB-2020-028,
	%      title         = "{Recommendations for the Modeling of Smooth Backgrounds}",
	%      institution   = "CERN",
	%      collaboration = "ATLAS Collaboration",
	%      address       = "Geneva",
	%      reportNumber  = "ATL-PHYS-PUB-2020-028",
	%      month         = "11",
	%      year          = "2020",
	%      url           = "https://cds.cern.ch/record/2743717",
	%      note          = "All figures including auxiliary figures are available at
	%                       https://atlas.web.cern.ch/Atlas/GROUPS/PHYSICS/PUBNOTES/ATL-PHYS-PUB-2020-028",
	%}


@Booklet{ATL-COM-PHYS-2018-161,
	author         = "{ATLAS Collaboration}",
	title          = "{SWiFt Sliding Window Fit Method for Resonance Searches}",
	howpublished   = "{ATL-COM-PHYS-2018-161}",
	url            = "https://cds.cern.ch/record/2305523",
	year           = "2018",
}

@Booklet{ATL-COM-PHYS-2018-1538,
	author         = "{ATLAS Collaboration}",
	title          = "{Search for New Phenomena in Dijet Events Using 3 the Complete Run-2 Dataset Taken With the ATLAS Detector at $\sqrt{s} = 13$ TeV}",
	howpublished   = "{ATL-COM-PHYS-2018-1538}",
	url            = "cds.cern.ch/record/2646455",
	year           = "2018",
}

@article{Alitti:1990kw,
	author = "Alitti, J. and others",
	collaboration = "UA2",
	title = "{A Measurement of two jet decays of the $W$ and $Z$ bosons at the CERN $\bar{p} p$ collider}",
	reportNumber = "CERN-PPE-90-105",
	doi = "10.1007/BF01570793",
	journal = "Z. Phys. C",
	volume = "49",
	pages = "17--28",
	year = "1991"
}

@article{Alitti:1993pn,
	author = "Alitti, J. and others",
	collaboration = "UA2",
	title = "{A Search for new intermediate vector mesons and excited quarks decaying to two jets at the CERN $\bar{p} p$ collider}",
	reportNumber = "CERN-PPE-93-66",
	doi = "10.1016/0550-3213(93)90395-6",
	journal = "Nucl. Phys. B",
	volume = "400",
	pages = "3--24",
	year = "1993"
}


@online{xmlAnaWSBuilder,
	title    = "XML Analytic Workspace Builder",
	author   = "Yang, Hongtao",
	year     = "2021",
	url      = "https://twiki.cern.ch/twiki/bin/viewauth/AtlasProtected/XmlAnaWSBuilder",
	urldate = {2021-06-22}
}


@online{quickFit,
	title    = "quickFit",
	author   = "Yang, Hongtao",
	year     = "2021",
	url      = "https://gitlab.cern.ch/atlas_higgs_combination/software/quickFit",
	urldate = {2021-06-22}
}

@misc{gligorov2021avoiding,
	title={Avoiding biases in binned fits}, 
	author={V. V. Gligorov and S. Hageboeck and T. Nanut and A. Sciandra and D. Y. Tou},
	year={2021},
	eprint={2104.13879},
	archivePrefix={arXiv},
	primaryClass={physics.data-an}
}


@online{RooBinSamplingPdf,
	title    = "RooFit development version with RooBinSamplingPdf",
	%author   = "Yang, Hongtao",
	year     = "2021",
	url      = "https://github.com/root-project/root/releases/tag/v6-23-01-RF-binSampling"
	
}

% ROOT
@article{Brun:1997,
	author = "Rene Brun and Fons Rademakers",
	title = "ROOT -- An object oriented data analysis framework",
	journal = "Nucl. Instrum. Meth. A",
	volume = "389",
	number = "1",
	pages = "81 - 86",
	year = "1997",
	issn = "0168-9002",
	doi = "10.1016/S0168-9002(97)00048-X",
}

% RooFit
@Booklet{RooFit,
	author         = "Verkerke, Wouter and Kirkby, David",
	title          = "{The RooFit toolkit for data modeling}",
	year           = "2003",
	eprint         = "physics/0306116",
	archivePrefix  = "arXiv",
	primaryClass   = "physics.data-an",
}

@techreport{Battaglia:2703097,
	author        = "Battaglia, Marco and Beresford, Lydia and Celli, Federico
	and Facini, Gabriel John and Follega, Francesco Maria and
	Frost, James and Gignac, Matthew and Helling, Cole Michael
	and Huston, Joey and Iuppa, Roberto and Jones, Eleanor and
	Krizka, Karol and Murray, Bill and Nielsen, Jason and Reyes
	Rivera, Jose Gabriel and Sciandra, Andrea and Stankaityte,
	Migle and Tarek Abouelfadl Mohamed,  Ahmed and Teixeira De
	Lima, Rafael",
	title         = "{Measurement of Inclusive Higgs Boson Production at High
	$p_{T}^{H}$ in the $H \rightarrow b\bar b$ Decay Mode}",
	institution   = "CERN",
	address       = "Geneva",
	reportNumber  = "ATL-COM-PHYS-2019-1425",
	month         = "Nov",
	year          = "2019",
	url           = "https://cds.cern.ch/record/2703097",
}


@techreport{AlKhoury:2692011,
	author        = "Al Khoury, Konie and Calvet, Thomas Philippe and Ma,
	Yanhui and Schopf, Elisabeth and Abidi, Syed Haider and
	Ahmadov, Faig and Ambroz, Luca and Argyropoulos, Spyridon
	and Arnold, Hannah and Atkin, Ryan Justin and Bernardi,
	Gregorio and Bortoletto, Daniela and Buzatu, Adrian and
	Cabras, Grazia and Calderini, Giovanni and Charman, Thomas
	Paul and Ciungu, Bianca Monica and D'eramo, Louis and Da
	Cunha Sargedas De Sousa, Mario Jose and Dao, Valerio and
	Didenko, Mariya and Foti, Maria Giovanna and Gargiulo,
	Simona and Grivaz, Jean-Francois and Hays, Jonathan Michael
	and Jiggins, Stephen and Kato, Chikuma and Ke, Yan and
	Klein, Matthew Henry and Lee, Ava Chloe Audrey and Li, Shu
	and Liu, Kun and Liu, Qibin and Luise, Ilaria and Mallik,
	Usha and Marchiori, Giovanni and Masubuchi, Tatsuya and
	Morange, Nicolas and Moser, Brian and Noguchi, Yohei and
	Parida, Bibhuti and Piacquadio, Giacinto and Rettie,
	Sebastien and Robson, Aidan and Scanlon, Timothy Paul and
	Sekula, Stephen Jacob and Spiteri, Dwayne Patrick and
	Stamenkovic, Marko and Sumida, Toshi and Thompson, Paul and
	Tsybychev, Dmitri and Tosciri, Cecilia and Vittori, Camilla
	and Wang, Peilong and Wang, Song-Ming and Wang, Wei and
	Wang, Weitao and Weiser, Christian and Windischhofer,
	Philipp Jonas and Zhang, Lei",
	title         = "{Measurement of $VH,H\to b\bar{b}$ with the ATLAS
	detector}",
	institution   = "CERN",
	address       = "Geneva",
	reportNumber  = "ATL-COM-PHYS-2019-1276",
	month         = "Oct",
	year          = "2019",
	url           = "https://cds.cern.ch/record/2692011",
}

% RooBinSamplingPdf
@article{Gligorov:2021,A14tune
	title={Avoiding biases in binned fits},
	volume={16},
	ISSN={1748-0221},
	url={http://dx.doi.org/10.1088/1748-0221/16/08/T08004},
	DOI={10.1088/1748-0221/16/08/t08004},
	number={08},
	journal={Journal of Instrumentation},
	publisher={IOP Publishing},
	author={Gligorov, V.V. and Hageboeck, S. and Nanut, T. and Sciandra, A. and Tou, D.Y.},
	year={2021},
	month={8},
	pages={T08004}
}



%%%%%%%%%%%%%%%%%%%%%%%%%%%%%%%%%%%%%%%%%%%%%%%%%%%%%%%%%%%%%%%%%%%%%%%%%%%%%%%%

