
@article{ref1,
author         = "{ATLAS Collaboration}",
collaboration = "ATLAS",
title = "{Search for the Standard Model Higgs boson produced by vector-boson fusion and decaying to bottom quarks in $ \sqrt{s}=8 $ TeV pp collisions with the ATLAS detector}",
eprint = "1606.02181",
archivePrefix = "arXiv",
primaryClass = "hep-ex",
reportNumber = "CERN-EP-2016-076",
doi = "10.1007/JHEP11(2016)112",
journal = "JHEP",
volume = "11",
pages = "112",
year = "2016"
}
@article{ref2,
	author         = "{ATLAS Collaboration}",
	title          = "{Search for Higgs boson production in association with a high-energy photon via vector-boson fusion with decay into bottom quark pairs at $sqrt{s}=13$ TeV with the ATLAS detector}",
	journal        = "JHEP",
	volume         = "03",
	year           = "2021",
	pages          = "268",
	doi            = "10.1007/JHEP03(2021)268",
	primaryClass   = "hep-ex",
	eprint         = "2010.13651",
	archivePrefix  = "arXiv"
}

@article{ref3,
	author         = "{ATLAS Collaboration}",
	title          = "{Measurement of the charged-particle multiplicity inside jets from $\sqrt{s}$  = 8 TeV pp collisions with the ATLAS detector}",
	journal        = "Eur. Phys. J. C",
	volume         = "76",
	year           = "2016",
	pages          = "322",
	doi            = "10.1140/epjc/s10052-016-4126-5",
	primaryClass   = "hep-ex",
	eprint         = "1602.00988",
	archivePrefix  = "arXiv",
}
@article{ATLAS:2015rlw,
	author         = "{ATLAS Collaboration}",
	collaboration = "ATLAS",
	title = "{Measurement of jet charge in dijet events from $\sqrt{s}$=8 TeV pp collisions with the ATLAS detector}",
	eprint = "1509.05190",
	archivePrefix = "arXiv",
	primaryClass = "hep-ex",
	reportNumber = "CERN-PH-EP-2015-207",
	doi = "10.1103/PhysRevD.93.052003",
	journal = "Phys. Rev. D",
	volume = "93",
	number = "5",
	pages = "052003",
	year = "2016"
}

@Booklet{ref4,
	author         = "{ATLAS Collaboration}",
	title          = "{Jet global sequential corrections with the ATLAS detector in proton--proton collisions at $\sqrt{s}$ = 8 TeV}",
	howpublished   = "{ATLAS-CONF-2015-002}",
	url            = "https://cds.cern.ch/record/2001682",
	year           = "2015",
}

@article{ref5,
	author         = "{ATLAS Collaboration}",
	title          = "{Electroweak production of two jets in association with a Z boson in proton-proton collisions at $sqrt{s} = $13 TeV}",
	journal        = "Eur. Phys. J. C",
	volume         = "78",
	year           = "2018",
	pages          = "589",
	doi            = "10.1140/epjc/s10052-018-6049-9",
	primaryClass   = "hep-ex",
	eprint         = "1803.06986",
	archivePrefix  = "arXiv",
}

@article{ref7,
	author         = "{ATLAS Collaboration}",
	title          = "{Search for the standard model Higgs boson produced through vector boson fusion and decaying to bb}",
	journal        = "Phys. Rev. D",
	volume         = "92",
	year           = "2015",
	pages          = "032008",
	doi            = "10.1103/PhysRevD.92.032008",
	eprint         = "1506.01010",
	archivePrefix  = "arXiv",
	primaryClass   = "hep-ex",
}

@article{ref8,
	author         = "{CMS Collaboration}",
	title          = "{Electroweak production of two jets in association with a Z boson in proton-proton collisions at $\sqrt{s}$= 13 TeV}",
	journal        = "Eur. Phys. J. C",
	volume         = "78",
	year           = "2018",
	pages          = "589",
	doi            = "10.1140/epjc/s10052-018-6049-9",
	primaryClass   = "hep-ex",
	eprint         = "1712.09814",
	archivePrefix  = "arXiv",
}

@article{ref9,
	author         = "{ATLAS Collaboration}",
	title          = "{Search for diboson resonances with boson-tagged jets in pp collisions at $\sqrt{s}$= 13 TeV with the ATLAS detector}",
	journal        = "Phys. Lett. B",
	volume         = "777",
	year = {2018},
	pages          = "91",
	doi            = "10.1016/j.physletb.2017.12.011",
	eprint         = "1708.04445",
	archivePrefix  = "arXiv",
	primaryClass   = "hep-ex",
}

@article{ref10,
	author         = "{CMS Collaboration}",
	title          = "{Search for supersymmetry in proton-proton collisions at 13 TeV using identified top quarks}",
	journal        = "Phys. Rev. D",
	volume         = "97",
	year           = "2018",
	pages          = "012007",
	doi            = "10.1103/PhysRevD.97.012007",
	eprint         = "1710.11188",
	archivePrefix  = "arXiv",
	primaryClass   = "hep-ex",
}

@article{ref11,
	author         = "{CMS Collaboration}",
	title          = "{Search for vector-like light-flavor quark partners in proton-proton collisions at $\sqrt{s}$= 8 TeV}",
	journal        = "Phys. Rev. D",
	volume         = "97",
	year           = "2018",
	pages          = "072008",
	doi            = "10.1103/PhysRevD.97.072008",
	eprint         = "1708.02510",
	archivePrefix  = "arXiv",
	primaryClass   = "hep-ex",
}

@article{ref12,
	author         = "{CMS Collaboration}",
	title          = "{Search for direct production of supersymmetric partners of the top quark in the all-jets final state in proton-proton collisions at $sqrt(s)$ = 13 TeV}",
	journal        = "JHEP",
	volume         = "10",
	year           = "2017",
	pages          = "005",
	doi            = "10.1007/JHEP10(2017)005",
	primaryClass   = "hep-ex",
	eprint         = "1707.03316",
	archivePrefix  = "arXiv",
}

@article{ref13,
	author         = "{G. Altarelli and G. Parisi}",
	title          = "{Asymptotic Freedom in Parton Language}",
	journal        = "Nucl. Phys. B",
	volume         = "126",
	year           = "1977",
	pages          = "298",
	doi            = "10.1016/0550-3213(77)90384-4",
}

@article{ref14,
	author         = "{A. J. Larkoski, J. Thaler and W. J. Waalewijn}",
	title          = "{Gaining (Mutual) Information about Quark/Gluon Discrimination}",
	journal        = "JHEP",
	volume         = "11",
	year           = "2014",
	pages          = "129",
	doi            = "10.1007/JHEP11(2014)129",
	primaryClass   = "hep-ph",
	eprint         = "1408.3122",
	archivePrefix  = "arXiv",
}

@article{ref15,
	author         = "{P. Gras et al.}",
	title          = "{Systematics of quark/gluon tagging}",
	journal        = "JHEP",
	volume         = "1707",
	year           = "2017",
	pages          = "091",
	doi            = "10.1007/JHEP07(2017)091",
	primaryClass   = "hep-ph",
	eprint         = "1704.03878",
	archivePrefix  = "arXiv",
}

@article{ref16,
	author         = "{C. Frye, A. J. Larkoski, J. Thaler and K. Zhou}",
	title          = "{Casimir meets Poisson: improved quark/gluon discrimination with counting observables}",
	journal        = "JHEP",
	volume         = "09",
	year           = "2017",
	pages          = "083",
	doi            = "10.1007/JHEP09(2017)083",
	primaryClass   = "hep-ph",
	eprint         = "1704.06266",
	archivePrefix  = "arXiv",
}

@article{ref17,
	author         = {J. Gallicchio and M. D. Schwartz},
	title          = {Quark and Gluon Tagging at the LHC},
	journal        = {Phys. Rev. Lett.},
	volume         = {107},
	year           = {2011},
	pages          = {172001},
	doi            = {10.1103/PhysRevLett.107.172001},
	eprint         = {1106.3076},
	archivePrefix  = {arXiv},
	primaryClass   = {hep-ph}
}

@article{ref18,
	author         = "{J. Gallicchio and M. D. Schwartz}",
	title          = "{Quark and gluon jet substructure}",
	journal        = "JHEP",
	volume         = "04",
	year           = "2013",
	pages          = "090",
	doi            = "10.1007/JHEP04(2013)090",
	primaryClass   = "hep-ph",
	eprint         = "1211.7038",
	archivePrefix  = "arXiv",
}
@article{ATLAS:2011eid,
	author         = "{ATLAS Collaboration}",
	collaboration = "ATLAS",
	title = "{Properties of jets measured from tracks in proton-proton collisions at center-of-mass energy $\sqrt{s}=7$ TeV with the ATLAS detector}",
	eprint = "1107.3311",
	archivePrefix = "arXiv",
	primaryClass = "hep-ex",
	reportNumber = "CERN-PH-EP-2011-110",
	doi = "10.1103/PhysRevD.84.054001",
	journal = "Phys. Rev. D",
	volume = "84",
	pages = "054001",
	year = "2011"
}
@Booklet{ref20,
	author         = "{ATLAS Collaboration}",
	title          = "{Discrimination between Light Quark and Gluon Jets in pp collisions at $\sqrt{s}$ = 8 TeV with the ATLAS Detector}",
	howpublished   = "{ATLAS-CONF-2016-034}",
	url            = "https://cds.cern.ch/record/2200202",
	year           = "2016",
}

@Booklet{ref22,
	author         = "{CMS Collaboration}",
	title          = "{Performance of quark/gluon discrimination using pp collision data at $\sqrt{s}$ = 8 TeV}",
	howpublished   = "{CMS-PAS-JME-13-002}",
	url            = "https://cds.cern.ch/record/1599732",
	year           = "2013",
}

@Booklet{ref23,
	author         = "{CMS Collaboration}",
	title          = "{Performance of quark/gluon discrimination in 13 TeV data}",
	howpublished   = "{CMS-DP-2016-070}",
	url            = "https://cds.cern.ch/record/2234117",
	year           = "2016",
}

@Booklet{ref24,
	author         = "{ATLAS Collaboration}",
	title          = "{Quark versus Gluon Jet Tagging Using Jet Images with the ATLAS Detector}",
	howpublished   = "{ATL-PHYS-PUB-2017-017}",
	url            = "https://cds.cern.ch/record/2275641",
	year           = "2017",
}
@article{Komiske:2016rsd,
	author = "Komiske, Patrick T. and Metodiev, Eric M. and Schwartz, Matthew D.",
	title = "{Deep learning in color: towards automated quark/gluon jet discrimination}",
	eprint = "1612.01551",
	archivePrefix = "arXiv",
	primaryClass = "hep-ph",
	reportNumber = "MIT-CTP-4866, MIT-CTP 4866",
	doi = "10.1007/JHEP01(2017)110",
	journal = "JHEP",
	volume = "01",
	pages = "110",
	year = "2017"
}
@Booklet{ref25,
	author         = "{CMS Collaboration}",
	title          = "{New Developments for Jet Substructure Reconstruction in CMS}",
	howpublished   = "{CMS-DP-2017-027}",
	url            = "https://cds.cern.ch/record/2275226",
	year           = "2017",
}

@article{ref26,
	author         = "{P. T. Komiske, E. M. Metodiev and M. D. Schwartz}",
	title          = "{Deep learning in color: towards automated quark/gluon jet discrimination}",
	journal        = "JHEP",
	volume         = "01",
	year           = "2017",
	pages          = "110",
	doi            = "10.1007/JHEP01(2017)110",
	primaryClass   = "hep-ph",
	eprint         = "1612.01551",
	archivePrefix  = "arXiv",
}


@article{ref27,
	author         = "{L. M. Dery, B. Nachman, F. Rubbo and A. Schwartzman}",
	title          = "{Weakly Supervised Classification in High Energy Physics}",
	journal        = "JHEP",
	volume         = "5",
	year           = "2017",
	pages          = "145",
	doi            = "10.1007/JHEP05(2017)145",
	primaryClass   = "hep-ph",
	eprint         = "1702.00414",
	archivePrefix  = "arXiv",
}



@article{ref28,
	author         = "{E. M. Metodiev, B. Nachman and J. Thaler}",
	title          = "{Classification without labels: Learning from mixed samples in high energy physics}",
	journal        = "JHEP",
	volume         = "10",
	year           = "2017",
	pages          = "174",
	doi            = "10.1007/JHEP10(2017)174",
	primaryClass   = "hep-ph",
	eprint         = "1708.02949",
	archivePrefix  = "arXiv",
}

@article{ref29,
	author         = "{H. Luo, M. Luo, K. Wang, T. Xu and G. Zhu}",
	title          = "{Quark jet versus gluon jet: fully-connected neural networks with high-level features}",
	doi            = "10.48550/arXiv.1712.03634",
	primaryClass   = "hep-ph",
	eprint         = "1712.03634",
	archivePrefix  = "arXiv",
}
@article{ref30,
	author         = "{ATLAS Collaboration}",
	title          = "{The ATLAS Experiment at the CERN Large Hadron Collider}",
	journal        = "JINST",
	volume         = "3",
	year           = "2008",
	pages          = "407",
	url            = "http://www.iop.org/EJ/jinst",
}

@article{LHAPDF,
	author="{A. Buckley et al.}",
	title          = "{LHAPDF6: parton density access in the LHC precision era}",
	journal="Eur. Phys. J. C",
	year  = "2015",
	volume = {75},
	pages = {132},
	eprint = "1412.7420",
	archivePrefix = "arXiv",
	primaryClass = "hep-ph",
	doi="https://doi.org/10.1140/epjc/s10052-015-3318-8"
	
}
@article{PhysRevD.93.033006,
		title = {New parton distribution functions from a global analysis of quantum chromodynamics},
		author = {Dulat, Sayipjamal and Hou, Tie-Jiun and Gao, Jun and Guzzi, Marco and Huston, Joey and Nadolsky, Pavel and Pumplin, Jon and Schmidt, Carl and Stump, Daniel and Yuan, C.-P.},
		journal = {Phys. Rev. D},
		volume = {93},
		pages = {033006},
		numpages = {39},
		year = {2016},
		publisher = {American Physical Society},
		doi = {10.1103/PhysRevD.93.033006},
		url = {https://link.aps.org/doi/10.1103/PhysRevD.93.033006}
	}
	

@article{BALL2013244,
	title = {Parton distributions with LHC data},
	journal = {Nuclear Physics B},
	volume = {867},
	number = {2},
	pages = {244-289},
	year = {2013},
	doi = {https://doi.org/10.1016/j.nuclphysb.2012.10.003},
	url = {https://www.sciencedirect.com/science/article/pii/S0550321312005500},
	author = {NNPDF Collaboration},
}
@article{ATLAS:2020cli,
    author         = "{ATLAS Collaboration}",
	collaboration = "ATLAS",
	title = "{Jet energy scale and resolution measured in proton\textendash{}proton collisions at $\sqrt{s}=13$~TeV with the ATLAS detector}",
	eprint = "2007.02645",
	archivePrefix = "arXiv",
	primaryClass = "hep-ex",
	reportNumber = "CERN-EP-2020-083",
	doi = "10.1140/epjc/s10052-021-09402-3",
	journal = "Eur. Phys. J. C",
	volume = "81",
	number = "8",
	pages = "689",
	year = "2021",
}
@article{TheATLAScollaboration:2014rfk,
	title = "{ATLAS Pythia 8 tunes to 7 TeV data}",
	reportNumber = "ATL-PHYS-PUB-2014-021",
	month = "11",
	year = "2014",
}
@article{ATLAS:2019mra,
	    author         = "{ATLAS Collaboration}",
	collaboration = "ATLAS",
	title = "{Multijet simulation for 13 TeV ATLAS Analyses}",
	reportNumber = "ATL-PHYS-PUB-2019-017",
	year = "2019"
}

@article{ANDERSSON198331,
	title = {Parton fragmentation and string dynamics},
	journal = {Physics Reports},
	volume = {97},
	number = {2},
	pages = {31-145},
	year = {1983},
	doi = {https://doi.org/10.1016/0370-1573(83)90080-7},
	url = {https://www.sciencedirect.com/science/article/pii/0370157383900807},
	author = {B. Andersson and G. Gustafson and G. Ingelman and T. Sjöstrand},
}
@article{SJOSTRAND1984469,
	author = {Torbjörn Sjöstrand},
	title = {Jet fragmentation of multiparton configurations in a string framework},
	journal = {Nuclear Physics B},
	volume = {248},
	number = {2},
	pages = {469-502},
	year = {1984},
	doi = {https://doi.org/10.1016/0550-3213(84)90607-2},
	url = {https://www.sciencedirect.com/science/article/pii/0550321384906072},
}
@article{PhysRevD.96.072002,
	title = {Jet energy scale measurements and their systematic uncertainties in proton-proton collisions at $\sqrt{s}=13\text{ }\text{ }\mathrm{TeV}$ with the ATLAS detector},
    author         = "{ATLAS Collaboration}",
	collaboration = {ATLAS Collaboration},
	journal = {Phys. Rev. D},
	volume = {96},
	pages = {072002},
	year = {2017},
	month = {Oct},
	publisher = {American Physical Society},
	doi = {10.1103/PhysRevD.96.072002},
	eprint = "1703.09665",
	archivePrefix = "arXiv",
	primaryClass = "hep-ex",
}

@article{WEBBER1984492,
	title = {A QCD model for jet fragmentation including soft gluon interference},
	journal = {Nuclear Physics B},
	volume = {238},
	number = {3},
	pages = {492-528},
	year = {1984},
	doi = {https://doi.org/10.1016/0550-3213(84)90333-X},
	author = {B.R. Webber},
	url = {https://www.sciencedirect.com/science/article/pii/055032138490333X},
}
@article{Larkoski:2013eya,
	author = "Larkoski, Andrew J. and Salam, Gavin P. and Thaler, Jesse",
	title = {Energy correlation functions for jet substructure},
	eprint = "1305.0007",
	archivePrefix = "arXiv",
	primaryClass = "hep-ph",
	reportNumber = "MIT-CTP-4446, CERN-PH-TH-2013-066, LPN13-026",
	doi = "10.1007/JHEP06(2013)108",
	journal = "JHEP",
	volume = "06",
	pages = "108",
	year = "2013"
}
@article{Moult:2016cvt,
	author = "Moult, Ian and Necib, Lina and Thaler, Jesse",
	title = "{New angles on energy correlation functions}",
	eprint = "1609.07483",
	archivePrefix = "arXiv",
	primaryClass = "hep-ph",
	reportNumber = "MIT-CTP-4825",
	doi = "10.1007/JHEP12(2016)153",
	journal = "JHEP",
	volume = "12",
	pages = "153",
	year = "2016"
}
@inproceedings{NIPS2017_6449f44a,
	author = {Ke, Guolin and Meng, Qi and Finley, Thomas and Wang, Taifeng and Chen, Wei and Ma, Weidong and Ye, Qiwei and Liu, Tie-Yan},
	booktitle = {Advances in Neural Information Processing Systems 30 (NIPS 2017)},
	publisher = {Curran Associates, Inc.},
	title = {LightGBM: A Highly Efficient Gradient Boosting Decision Tree},
	url = {https://proceedings.neurips.cc/paper_files/paper/2017/file/6449f44a102fde848669bdd9eb6b76fa-Paper.pdf},
}

@misc{akiba2019optuna,
	title={Optuna: A Next-generation Hyperparameter Optimization Framework}, 
	author={Takuya Akiba and Shotaro Sano and Toshihiko Yanase and Takeru Ohta and Masanori Koyama},
	year={2019},
	eprint={1907.10902},
	archivePrefix={arXiv},
	primaryClass={cs.LG}
}
@article{Aad_2014,
	doi = {10.1140/epjc/s10052-014-3023-z},
	year = {2014},
    author         = "{ATLAS Collaboration}",
	volume = {74},
	title = {Light-quark and gluon jet discrimination in pp collisions at $\sqrt{s}=7\text{ }\text{ }\mathrm{TeV}$ with the ATLAS detector},
	journal = {Eur. Phys. J. C},
	pages = "3023",
	eprint = "1405.6583",
	archivePrefix = "arXiv",
	primaryClass = "hep-ex",
}
@article{Aad_2016,
	doi = {10.1140/epjc/s10052-016-4126-5},
	year = 2016,
	publisher = {Springer Science and Business Media {LLC}
	},
	volume = {76},
	number = {6},
    author         = "{ATLAS Collaboration}",
	title = {Measurement of the charged-particle multiplicity inside jets from $\sqrt{s}=8\text{ }\text{ }\mathrm{TeV}$~pp collisions with the {ATLAS} detector},
	journal = {Eur. Phys. J. C},
	pages = "322",
	eprint = "1602.00988",
	archivePrefix = "arXiv",
	primaryClass = "hep-ex",
}
@Booklet{ATL-PHYS-PUB-2017-009,
	collaboration = "ATLAS",
    author         = "{ATLAS Collaboration}",
	title         = "{Quark versus Gluon Jet Tagging Using Charged-Particle Constituent Multiplicity with the ATLAS Detector}",
	institution   = "CERN",
	howpublished   = "{ATL-PHYS-PUB-2017-009}",
	address       = "Geneva",
	year          = "2017",
	url           = "https://cds.cern.ch/record/2263679"
}
@article{Gras:2017jty,
author = {Gras, Philippe and H\"oche, Stefan and Kar, Deepak and Larkoski, Andrew and L\"onnblad, Leif and Pl\"atzer, Simon and Si\'odmok, Andrzej and Skands, Peter and Soyez, Gregory and Thaler, Jesse},
title = "{Systematics of quark/gluon tagging}",
eprint = "1704.03878",
archivePrefix = "arXiv",
primaryClass = "hep-ph",
reportNumber = "MIT-CTP-4885, COEPP-MN-17-2, MCNET-17-04",
doi = "10.1007/JHEP07(2017)091",
journal = "JHEP",
volume = "07",
pages = "091",
year = "2017"
}
@article{Komiske:2018vkc,
author = "Komiske, Patrick T. and Metodiev, Eric M. and Thaler, Jesse",
title = "{An operational definition of quark and gluon jets}",
eprint = "1809.01140",
archivePrefix = "arXiv",
primaryClass = "hep-ph",
reportNumber = "MIT-CTP 5042",
doi = "10.1007/JHEP11(2018)059",
journal = "JHEP",
volume = "11",
pages = "059",
year = "2018"
}
@article{ALTARELLI1977298,
title = {Asymptotic freedom in parton language},
journal = {Nucl. Phys. B},
volume = {126},
number = {2},
pages = {298-318},
year = {1977},
doi = {https://doi.org/10.1016/0550-3213(77)90384-4},
author = {G. Altarelli and G. Parisi},
}
@article{ATLAS:2019fst,
    author         = "{ATLAS Collaboration}",
	collaboration = "ATLAS",
	title = "{ATLAS data quality operations and performance for 2015\textendash{}2018 data-taking}",
	eprint = "1911.04632",
	archivePrefix = "arXiv",
	primaryClass = "physics.ins-det",
	reportNumber = "CERN-EP-2019-207",
	doi = "10.1088/1748-0221/15/04/P04003",
	journal = "JINST",
	volume = "15",
	number = "04",
	pages = "P04003",
	year = "2020"
}
@article{CACCIARI2008119,
	title = {Pileup subtraction using jet areas},
	journal = {Phys. Lett. B},
	volume = {659},
	number = {1},
	pages = {119-126},
	year = {2008},
	doi = {https://doi.org/10.1016/j.physletb.2007.09.077},
	author = {Matteo Cacciari and Gavin P. Salam},
	eprint = "0707.1378",
	archivePrefix = "arXiv",
	primaryClass = "hep-ph",
}
@article{Mrenna:2016sih,
	author = "Mrenna, S. and Skands, P.",
	title = "{Automated parton-shower variations in \textsc{pythia} 8}",
	eprint = "1605.08352",
	archivePrefix = "arXiv",
	primaryClass = "hep-ph",
	reportNumber = "COEPP-MN-16-13, MCNET-16-14, FERMILAB-PUB-16-186-CD, MCNET-16-15",
	doi = "10.1103/PhysRevD.94.074005",
	journal = "Phys. Rev. D",
	volume = "94",
	number = "7",
	pages = "074005",
	year = "2016"
}
@techreport{ATL-PHYS-PUB-2015-051,
	title         = "{Early Inner Detector Tracking Performance in the 2015
	data at $\sqrt s$ = 13 TeV}",
	 author         = "{ATLAS Collaboration}",
	institution   = "CERN",
	reportNumber  = "ATL-PHYS-PUB-2015-051",
	address       = "Geneva",
	year          = "2015",
	url           = "https://cds.cern.ch/record/2110140",

}
@article{ref-dijet,
	author = "Nayak, Aruna Kumar and Rai, Santosh Kumar and Samui, Tousik",
	title = "{Improving heavy dijet resonance searches using jet substructure at the LHC}",
	eprint = "1912.03511",
	archivePrefix = "arXiv",
	primaryClass = "hep-ph",
	reportNumber = "HRI-RECAPP-2019-005",
	doi = "10.1140/epjc/s10052-021-08856-9",
	journal = "Eur. Phys. J. C",
	volume = "81",
	number = "2",
	pages = "130",
	year = "2021"
}
@article{ref-dijet2,
	author = "Ozturk, Sertac",
	title = "{Identification of Parton Pairs in a Dijet Event and Investigation of Its Effects on Dijet Resonance Search}",
	doi = "10.1155/2014/719216",
	journal = {Adv. High Energy Phys},
	year = "2014",
	volume = "2014",
	pages = "719216",
	archivePrefix = "arXiv",
	eprint = "1410.8375",
	primaryClass = "hep-ph",
}
@article{PhysRevD.91.055019,
	title = {Distinguishing dijet resonances at the LHC},
	author = "{R. Sekhar Chivukula, E. H. Simmons and N. Vignaroli}",
	journal = {Phys. Rev. D},
	numpages = {11},
	year = {2015},
	volume = "91",
	pages = "055019",
	publisher = {American Physical Society},
	doi = {10.1103/PhysRevD.91.055019},
	archivePrefix = "arXiv",
	eprint = "1412.3094",
	primaryClass = "hep-ph",
}
@inbook{doi:10.1142/9789813231467_0032,
	author = { E. H.   Simmons  and  R. S.  Chivukula  and  P.  Ittisamai  and  N.  Vignaroli },
	title = {Separating Dijet Resonances Using the Color Discriminant Variable},
	booktitle = {Origin of Mass and Strong Coupling Gauge Theories (SCGT15)},
	pages = {235-249},
	doi = {10.1142/9789813231467_0032},
	url = {https://www.worldscientific.com/doi/abs/10.1142/9789813231467_0032},
}
@article{Evans:2008zzb,
	author = "Evans, Lyndon and Bryant, Philip",
	title = "{LHC Machine}",
	doi = "10.1088/1748-0221/3/08/S08001",
	journal = "JINST",
	volume = "3",
	pages = "S08001",
	year = "2008"
}
@article{ATLAS:2017kyn,
    author         = "{ATLAS Collaboration}",
	collaboration = "ATLAS",
	title = "{Performance of the ATLAS track reconstruction algorithms in dense environments in LHC Run 2}",
	eprint = "1704.07983",
	archivePrefix = "arXiv",
	primaryClass = "hep-ex",
	reportNumber = "CERN-EP-2017-045",
	doi = "10.1140/epjc/s10052-017-5225-7",
	journal = "Eur. Phys. J. C",
	volume = "77",
	number = "10",
	pages = "673",
	year = "2017"
}
@article{PhysRevLett.110.212001,
	title = {Jet Charge at the LHC},
	author = {Krohn, David and Schwartz, Matthew D. and Lin, Tongyan and Waalewijn, Wouter J.},
	journal = {Phys. Rev. Lett.},
	volume = {110},
	pages = {212001},
	numpages = {5},
	year = {2013},
	month = {May},
	publisher = {American Physical Society},
	doi = {10.1103/PhysRevLett.110.212001},
	eprint = "1209.2421",
	archivePrefix = "arXiv",
	primaryClass = "hep-ph",
}
@article{CDF:2008ixu,
	author = "{CDF Collaboration}",
	collaboration = "CDF",
	title = "{Measurement of $b$-jet shapes in inclusive jet production in $p \bar{p}$ collisions at $\sqrt{s}$ = 1.96 TeV}",
	eprint = "0806.1699",
	archivePrefix = "arXiv",
	primaryClass = "hep-ex",
	reportNumber = "FERMILAB-PUB-08-162-E",
	doi = "10.1103/PhysRevD.78.072005",
	journal = "Phys. Rev. D",
	volume = "78",
	pages = "072005",
	year = "2008"
}
@article{ATLAS:2013uet,
 	author         = "{ATLAS Collaboration}",
	collaboration = "ATLAS",
	title = "{Measurement of jet shapes in top-quark pair events at $\sqrt{s}$ = 7 TeV using the ATLAS detector}",
	eprint = "1307.5749",
	archivePrefix = "arXiv",
	primaryClass = "hep-ex",
	reportNumber = "CERN-PH-EP-2013-067",
	doi = "10.1140/epjc/s10052-013-2676-3",
	journal = "Eur. Phys. J. C",
	volume = "73",
	number = "12",
	pages = "2676",
	year = "2013"
}
@article{ATLAS:2012mwf,
 	author         = "{ATLAS Collaboration}",
	collaboration = "ATLAS",
	title = "{Measurement of the flavour composition of dijet events in $pp$ collisions at $\sqrt{s}=7$ TeV with the ATLAS detector}",
	eprint = "1210.0441",
	archivePrefix = "arXiv",
	primaryClass = "hep-ex",
	reportNumber = "CERN-PH-EP-2012-255",
	doi = "10.1140/epjc/s10052-013-2301-5",
	journal = "Eur. Phys. J. C",
	volume = "73",
	number = "2",
	pages = "2301",
	year = "2013"
}
@article{Bhattacherjee:2016bpy,
	author = "Bhattacherjee, Biplob and Mukhopadhyay, Satyanarayan and Nojiri, Mihoko M. and Sakaki, Yasuhito and Webber, Bryan R.",
	title = "{Quark-gluon discrimination in the search for gluino pair production at the LHC}",
	eprint = "1609.08781",
	archivePrefix = "arXiv",
	primaryClass = "hep-ph",
	reportNumber = "CAVENDISH-HEP-16-16, KEK-TH-1936, PITT-PACC-1609, IPMU16-0146",
	doi = "10.1007/JHEP01(2017)044",
	journal = "JHEP",
	volume = "01",
	pages = "044",
	year = "2017"
}

@article{CMS:2021iwu,
	author         = "{CMS Collaboration}",
	collaboration = "CMS",
	title = "{Study of quark and gluon jet substructure in Z+jet and dijet events from pp collisions}",
	eprint = "2109.03340",
	archivePrefix = "arXiv",
	primaryClass = "hep-ex",
	reportNumber = "CMS-SMP-20-010, CERN-EP-2021-161",
	doi = "10.1007/JHEP01(2022)188",
	journal = "JHEP",
	volume = "01",
	pages = "188",
	year = "2022"
}
@article{Bright-Thonney:2022xkx,
	author = "Bright-Thonney, Samuel and Moult, Ian and Nachman, Benjamin and Prestel, Stefan",
	title = "{Systematic quark/gluon identification with ratios of likelihoods}",
	eprint = "2207.12411",
	archivePrefix = "arXiv",
	primaryClass = "hep-ph",
	doi = "10.1007/JHEP12(2022)021",
	journal = "JHEP",
	volume = "12",
	pages = "021",
	year = "2022"
}
@article{Sakaki:2018opq,
	author = "Sakaki, Yasuhito",
	title = "{Quark jet rates and quark-gluon discrimination in multijet final states}",
	eprint = "1807.01421",
	archivePrefix = "arXiv",
	primaryClass = "hep-ph",
	doi = "10.1103/PhysRevD.99.114012",
	journal = "Phys. Rev. D",
	volume = "99",
	number = "11",
	pages = "114012",
	year = "2019"
}
@article{Altheimer:2012mn,
	author = "Altheimer, A. and others",
	title = "{Jet substructure at the Tevatron and LHC: new results, new tools, new benchmarks}",
	eprint = "1201.0008",
	archivePrefix = "arXiv",
	primaryClass = "hep-ph",
	reportNumber = "SLAC-R-990, FERMILAB-PUB-12-897-T",
	doi = "10.1088/0954-3899/39/6/063001",
	journal = "J. Phys. G",
	volume = "39",
	pages = "063001",
	year = "2012"
}
@article{PhysRevD.98.092014,
		author         = "{CMS Collaboration}",
	title = {Measurement of jet substructure observables in $t\overline{t}$ events from proton-proton collisions at $\sqrt{s}=13\text{ }\text{ }\mathrm{TeV}$},
	collaboration = {CMS Collaboration},
	journal = {Phys. Rev. D},
	volume = {98},
	pages = {092014},
	numpages = {36},
	year = {2018},
	publisher = {American Physical Society},
	doi = {10.1103/PhysRevD.98.092014},
		eprint = "1808.07340",
	archivePrefix = "arXiv",
	primaryClass = "hep-ex",
}
@article{CMS:2017pcy,
		author         = "{CMS Collaboration}",
	collaboration = "CMS",
	title = "{Measurement of the jet mass in highly boosted ${\mathrm{t}}\overline{\mathrm{t}}$ events from pp collisions at $\sqrt{s}=8$ $\,\text {TeV}$}",
	eprint = "1703.06330",
	archivePrefix = "arXiv",
	primaryClass = "hep-ex",
	reportNumber = "CMS-TOP-15-015, CERN-EP-2017-018",
	doi = "10.1140/epjc/s10052-017-5030-3",
	journal = "Eur. Phys. J. C",
	volume = "77",
	number = "7",
	pages = "467",
	year = "2017"
}
@article{CMS:2018vzn,
		author         = "{CMS Collaboration}",
	collaboration = "CMS",
	title = "{Measurements of the differential jet cross section as a function of the jet mass in dijet events from proton-proton collisions at $ \sqrt{s}=13 $ TeV}",
	eprint = "1807.05974",
	archivePrefix = "arXiv",
	primaryClass = "hep-ex",
	reportNumber = "CMS-SMP-16-010, CERN-EP-2018-180",
	doi = "10.1007/JHEP11(2018)113",
	journal = "JHEP",
	volume = "11",
	pages = "113",
	year = "2018"
}
@article{CMS:2013kfv,
		author         = "{CMS Collaboration}",
	collaboration = "CMS",
	title = "{Studies of jet mass in dijet and W/Z + jet events}",
	eprint = "1303.4811",
	archivePrefix = "arXiv",
	primaryClass = "hep-ex",
	reportNumber = "CMS-SMP-12-019, CERN-PH-EP-2013-016",
	doi = "10.1007/JHEP05(2013)090",
	journal = "JHEP",
	volume = "05",
	pages = "090",
	year = "2013"
}
@article{CMS:2017yer,
		author         = "{CMS Collaboration}",
	collaboration = "CMS",
	title = "{Measurements of jet charge with dijet events in pp collisions at $\sqrt{s}=8$ TeV}",
	eprint = "1706.05868",
	archivePrefix = "arXiv",
	primaryClass = "hep-ex",
	reportNumber = "CMS-SMP-15-003, CERN-EP-2017-085",
	doi = "10.1007/JHEP10(2017)131",
	journal = "JHEP",
	volume = "10",
	pages = "131",
	year = "2017"
}
@inproceedings{Andersen:2016qtm,
	author = "Andersen, J. R. and others",
	title = "{Les Houches 2015: Physics at TeV Colliders Standard Model Working Group Report}",
	booktitle = "{9th Les Houches Workshop on Physics at TeV Colliders}",
	eprint = "1605.04692",
	archivePrefix = "arXiv",
	primaryClass = "hep-ph",
	reportNumber = "FERMILAB-CONF-16-175-PPD-T",
	month = "5",
	year = "2016"
}
@article{Larkoski:2014pca,
	author = "Larkoski, Andrew J. and Thaler, Jesse and Waalewijn, Wouter J.",
	title = "{Gaining (mutual) information about quark/gluon discrimination}",
	eprint = "1408.3122",
	archivePrefix = "arXiv",
	primaryClass = "hep-ph",
	reportNumber = "MIT--CTP-4572, NIKHEF-2014-026",
	doi = "10.1007/JHEP11(2014)129",
	journal = "JHEP",
	volume = "11",
	pages = "129",
	year = "2014"
}
@article{ATLAS:2022hro1,
	collaboration = "ATLAS",
	author         = "{ATLAS Collaboration}",
	title = "{Luminosity determination in $pp$ collisions at $\sqrt{s}=13$ TeV using the ATLAS detector at the LHC}",
	eprint = "2212.09379",
	archivePrefix = "arXiv",
	primaryClass = "hep-ex",
	reportNumber = "CERN-EP-2022-281",
	month = "12",
	year = "2022"
}
@article{ATLAS:2012dp,
	author         = "{ATLAS Collaboration}",
	collaboration = "ATLAS",
	title = "{Search for pair production of massive particles decaying into three quarks with the ATLAS detector in $\sqrt{s}= 7$ TeV $pp$ collisions at the LHC}",
	eprint = "1210.4813",
	archivePrefix = "arXiv",
	primaryClass = "hep-ex",
	reportNumber = "CERN-PH-EP-2012-281",
	doi = "10.1007/JHEP12(2012)086",
	journal = "JHEP",
	volume = "12",
	pages = "086",
	year = "2012"
}
@article{ATLAS:2012qgw,
	author         = "{ATLAS Collaboration}",
	collaboration = "ATLAS",
	title = "{Search for squarks and gluinos with the ATLAS detector in final states with jets and missing transverse momentum using 4.7 fb$^{-1}$ of $\sqrt{s}= 7$ TeV proton-proton collision data}",
	eprint = "1208.0949",
	archivePrefix = "arXiv",
	primaryClass = "hep-ex",
	reportNumber = "CERN-PH-EP-2012-195",
	doi = "10.1103/PhysRevD.87.012008",
	journal = "Phys. Rev. D",
	volume = "87",
	number = "1",
	pages = "012008",
	year = "2013"
}
@article{CDF:2005prv,
	author         = "{CDF Collaboration}",
	collaboration = "CDF",
	title = "{Study of jet shapes in inclusive jet production in $p\bar{p}$ collisions at $\sqrt{s}=1.96$ TeV}",
	eprint = "hep-ex/0505013",
	archivePrefix = "arXiv",
	reportNumber = "FERMILAB-PUB-05-156-E",
	doi = "10.1103/PhysRevD.71.112002",
	journal = "Phys. Rev. D",
	volume = "71",
	pages = "112002",
	year = "2005"
}
@article{OPAL:1999jkz,
	author         = "{OPAL Collaboration}",
	collaboration = "OPAL",
	title = "{Experimental properties of gluon and quark jets from a point source}",
	eprint = "hep-ex/9903027",
	archivePrefix = "arXiv",
	reportNumber = "CERN-EP-99-028",
	doi = "10.1007/s100520050628",
	journal = "Eur. Phys. J. C",
	volume = "11",
	pages = "217--238",
	year = "1999"
}
@article{CLEO:2007tqf,
	author         = "{CLEO Collaboration}",
collaboration = "CLEO",
title = "{Comparison of particle production in quark and gluon fragmentation at $\sqrt{s} \sim 10$ GeV}",
eprint = "0704.2766",
archivePrefix = "arXiv",
primaryClass = "hep-ex",
reportNumber = "CLNS-06-1984, CLEO-06-24",
doi = "10.1103/PhysRevD.76.012005",
journal = "Phys. Rev. D",
volume = "76",
pages = "012005",
year = "2007"
}
@article{DELPHI:1999gah,
	author         = "{DELPHI Collaboration}",
	collaboration = "DELPHI",
	title = "{The scale dependence of the hadron multiplicity in quark and gluon jets and a precise determination of $C_A/C_F$}",
	eprint = "hep-ex/9903073",
	archivePrefix = "arXiv",
	reportNumber = "CERN-EP-99-003, CERN-EP-99-03, CERN-EP-99-3",
	doi = "10.1016/S0370-2693(99)00112-4",
	journal = "Phys. Lett. B",
	volume = "449",
	pages = "383--400",
	year = "1999"
}
@article{ZEUS:2004gcp,
	author         = "{ZEUS Collaboration}",
	collaboration = "ZEUS",
	title = "{Substructure dependence of jet cross sections at HERA and determination of alpha(s)}",
	eprint = "hep-ex/0405065",
	archivePrefix = "arXiv",
	reportNumber = "DESY-04-072",
	doi = "10.1016/j.nuclphysb.2004.08.049",
	journal = "Nucl. Phys. B",
	volume = "700",
	pages = "3--50",
	year = "2004"
}